@article{severson2019data,
  title={Data-driven prediction of battery cycle life before capacity degradation},
  author={Severson, Kristen A and Attia, Peter M and Jin, Norman and Perkins, Nicholas and Jiang, Benben and Yang, Zi and Chen, Michael H and Aykol, Muratahan and Herring, Patrick K and Fraggedakis, Dimitrios and others},
  journal={Nature Energy},
  volume={4},
  number={5},
  pages={383--391},
  year={2019},
  publisher={Nature Publishing Group}
}

@article{roman2021machine,
  title={Machine learning pipeline for battery state-of-health estimation},
  author={Roman, Darius and Saxena, Saurabh and Robu, Valentin and Pecht, Michael and Flynn, David},
  journal={Nature Machine Intelligence},
  volume={3},
  number={5},
  pages={447--456},
  year={2021},
  publisher={Nature Publishing Group}
}


@Article{energiesMdpi,
AUTHOR = {Jo, Sungwoo and Jung, Sunkyu and Roh, Taemoon},
TITLE = {Battery State-of-Health Estimation Using Machine Learning and Preprocessing with Relative State-of-Charge},
JOURNAL = {Energies},
VOLUME = {14},
YEAR = {2021},
NUMBER = {21},
ARTICLE-NUMBER = {7206},
URL = {https://www.mdpi.com/1996-1073/14/21/7206},
ISSN = {1996-1073},
DOI = {10.3390/en14217206}
}

@inproceedings{DariusOld,
title = "A Review of the Role of Prognostics in Predicting the Remaining Useful Life of Assets",
keywords = "prognostics, Prognostic and health management (PHM), Battery PHM, Subsea cables, data analysis, physics-based modelling",
author = "Roman, {Darius V.} and Dickie, {Ross W.} and David Flynn and Valentin Robu",
year = "2017",
language = "English",
isbn = "9781138629370",
pages = "897--904",
editor = "Marko {\v C}epin and Radim Bri{\v s}",
booktitle = "Safety and Reliability. Theory and Applications",
publisher = "CRC Press",
edition = "1",
note = "27th European Safety and Reliability Conference 2017, ESREL 2017 ; Conference date: 18-06-2017 Through 22-06-2017",
url = "http://esrel2017.org/",
}

@article{Tsang2018DetectingSI,
  title={Detecting Statistical Interactions from Neural Network Weights},
  author={Michael Tsang and Dehua Cheng and Yan Liu},
  journal={ArXiv},
  year={2018},
  volume={abs/1705.04977}
}

@misc{kerastuner,
  title = {Introduction to the Keras Tuner},
  howpublished = {\url{https://www.tensorflow.org/tutorials/keras/keras_tuner}},
  note = {Accessed: 2022-12-02}
}

@inproceedings{shap, author = {Lundberg, Scott M. and Lee, Su-In}, title = {A Unified Approach to Interpreting Model Predictions}, year = {2017}, isbn = {9781510860964}, publisher = {Curran Associates Inc.}, address = {Red Hook, NY, USA}, pages = {4768â€“4777}, numpages = {10}, location = {Long Beach, California, USA}, series = {NIPS'17} }

@article{timeSeries,
title = {Battery state of health modeling and remaining useful life prediction through time series model},
journal = {Applied Energy},
volume = {275},
pages = {115338},
year = {2020},
issn = {0306-2619},
doi = {https://doi.org/10.1016/j.apenergy.2020.115338},
url = {https://www.sciencedirect.com/science/article/pii/S0306261920308503},
author = {Chun-Pang Lin and Javier Cabrera and Fangfang Yang and Man-Ho Ling and Kwok-Leung Tsui and Suk-Joo Bae},
keywords = {Autoregressive, Battery cycle aging, Degradation modeling, Parametric bootstrap, Remaining useful life, State of health},
}

@book{statrethinkingbook,
  author = {McElreath, Richard},
  Publisher = {CRC Press},
  Title = {Statistical Rethinking: A Bayesian Course with Examples in R and Stan, 2nd Edition},
  Edition = {2},
  Year = {2020},
  URL = {http://xcelab.net/rm/statistical-rethinking/}
}

@MISC {pmdarima,
  author = {Taylor G. Smith and others},
  title  = {{pmdarima}: ARIMA estimators for {Python}},
  year   = {2017--},
  url    = "http://www.alkaline-ml.com/pmdarima",
  note   = {[Online; accessed <today>]}
}

@article{scikit-learn,
 title={Scikit-learn: Machine Learning in {P}ython},
 author={Pedregosa, F. and Varoquaux, G. and Gramfort, A. and Michel, V.
         and Thirion, B. and Grisel, O. and Blondel, M. and Prettenhofer, P.
         and Weiss, R. and Dubourg, V. and Vanderplas, J. and Passos, A. and
         Cournapeau, D. and Brucher, M. and Perrot, M. and Duchesnay, E.},
 journal={Journal of Machine Learning Research},
 volume={12},
 pages={2825--2830},
 year={2011}
}

@article{carpenter2017stan,
title={Stan: A probabilistic programming language},
author={Carpenter, Bob and Gelman, Andrew and Hoffman, Matthew D and Lee, Daniel and Goodrich, Ben and Betancourt, Michael and Brubaker, Marcus and Guo, Jiqiang and Li, Peter and Riddell, Allen},
journal={Journal of statistical software},
volume={76},
number={1},
year={2017},
publisher={Columbia Univ., New York, NY (United States); Harvard Univ., Cambridge, MA (United States)}
}

@misc{standev2018stancore,
title = {{The Stan Core Library}},
author = {{Stan Development Team}},
note = {Version 2.18.0},
year = {2018},
url = {http://mc-stan.org/ 9},
}